<record><leader>00000cas a22000007a 4500</leader><controlfield tag="001">16972827</controlfield><controlfield tag="008">871112d19251961iauwr ne      0    0eng d</controlfield><datafield ind1=" " ind2=" " tag="010"><subfield code="a">sn 87057930 </subfield></datafield><datafield ind1=" " ind2=" " tag="040"><subfield code="a">INP</subfield><subfield code="b">eng</subfield><subfield code="c">INP</subfield><subfield code="d">OCLCQ</subfield></datafield><datafield ind1=" " ind2=" " tag="042"><subfield code="a">msc</subfield></datafield><datafield ind1="0" ind2="4" tag="245"><subfield code="a">The Advocate-Republican.</subfield></datafield><datafield ind1=" " ind2=" " tag="260"><subfield code="a">Audubon, Iowa :</subfield><subfield code="b">Mrs. C. Spencer and W.E. Williams,</subfield><subfield code="c">1925-</subfield></datafield><datafield ind1=" " ind2=" " tag="300"><subfield code="a">v.</subfield></datafield><datafield ind1=" " ind2=" " tag="310"><subfield code="a">Weekly</subfield></datafield><datafield ind1="0" ind2=" " tag="362"><subfield code="a">Vol. 45, no. 19 (May 7, 1925)-</subfield></datafield><datafield ind1="1" ind2=" " tag="362"><subfield code="a">Ceased in 1961?</subfield></datafield><datafield ind1=" " ind2=" " tag="500"><subfield code="a">Publisher varies.</subfield></datafield><datafield ind1=" " ind2=" " tag="752"><subfield code="a">United States</subfield><subfield code="b">Iowa</subfield><subfield code="c">Audubon</subfield><subfield code="d">Audubon.</subfield></datafield><datafield ind1="0" ind2="4" tag="780"><subfield code="t">Audubon advocate</subfield><subfield code="w">(DLC)sn 87057927</subfield></datafield><datafield ind1="0" ind2="4" tag="780"><subfield code="t">Audubon Republican</subfield><subfield code="w">(DLC)sn 87057928</subfield></datafield><datafield ind1="0" ind2="7" tag="785"><subfield code="t">Audubon news-guide</subfield><subfield code="w">(DLC)sn 87057931</subfield></datafield><datafield ind1="0" ind2="7" tag="785"><subfield code="t">Audubon news-advocate</subfield><subfield code="w">(DLC)sn 87057932</subfield></datafield></record>